
@ELECTRONIC{afl:repo,
  author = {Michal Zalewski},
  title = {American Fuzzy Lop},
  howpublished = {https://github.com/google/AFL}
}

@MISC{afl:fuzzingtechniques,
  author = {Michal Zalewski},
  title = {Binary fuzzing strategies: what works, what doesn't},
  howpublished = {\url{https://lcamtuf.blogspot.com/2014/08/binary-fuzzing-strategies-what-works.html}},
  accessed = {2021.08.27}
}
