@Misc{tolotto2020,
  author = {Enrico Tolotto},
  title = {{Verification of Digital Designs with Chisel}},
  howpublished = {\url{https://github.com/chiselverify/documentation/tree/master/enrico-thesis}},
  year = {2020}
}

@Book{nilsson2014scalacheck,
  title     = {ScalaCheck : the definitive guide},
  publisher = {Artima Press},
  year      = {2014},
  author    = {Nilsson, Rickard},
  address   = {Walnut Creek, California},
  isbn      = {978-0981531694},
}

@inproceedings{MuellerSchwerhoffSummers16,
  author = {P. M{\"u}ller and M. Schwerhoff and A. J. Summers},
  title = {Viper: A Verification Infrastructure for Permission-Based Reasoning},
  booktitle = {Verification, Model Checking, and Abstract Interpretation (VMCAI)},
  editor = {B. Jobstmann and K. R. M. Leino},
  year = {2016},
  publisher = {Springer-Verlag},
  series = {LNCS},
  pages = {41-62},
  volume = {9583},
}

@InProceedings{Nagini:2018,
author="Eilers, Marco
and M{\"u}ller, Peter",
editor="Chockler, Hana
and Weissenbacher, Georg",
title="Nagini: A Static Verifier for Python",
booktitle="Computer Aided Verification",
year="2018",
publisher="Springer International Publishing",
address="Cham",
pages="596--603",
abstract="We present Nagini, an automated, modular verifier for statically-typed, concurrent Python 3 programs, built on the Viper verification infrastructure. Combining established concepts with new ideas, Nagini can verify memory safety, functional properties, termination, deadlock freedom, and input/output behavior. Our experiments show that Nagini is able to verify non-trivial properties of real-world Python code.",
isbn="978-3-319-96145-3"
}

@Misc{branch-cov-made-easy:2002,
  title        = {Branch Coverage for Arbitrary Languages Made Easy},
  howpublished = {\url{http://www.semdesigns.com/Company/Publications/TestCoverage.pdf}},
  publisher    = {Semantic Designs Inc.},
  year         = {2002},
  author       = {Ira. D. Baxter},
  address      = {Austin, Texas, 78579 USA},
}

@Misc{scala:2006,
	title = {An Overview of the Scala Programming Language},
	howpublished = {\url{https://www.scala-lang.org/docu/files/ScalaOverview.pdf}},
	publisher = {École Polytechnique Fédérale de Lausanne (EPFL)},
	year = {2006},
	author = {Martin Odersky et al.}
}

@Misc{chisel3.4release_notes,
	title = {Basic model checking API for Chisel},
	howpublished = {\url{https://github.com/chipsalliance/chisel3/pull/1499}},
	year = {2020},
	author = {Tom Alcorn},
}

@Misc{chiselverify,
	title = {ChiselVerify},
	howpublished = {\url{https://github.com/chiselverify/chiselverify}},
	year = {2020},
	author = {Andrew Dobis and Tjark Petersen and Kasper Juul Hesse Rasmussen and Enrico Tolotto and Hans Jakob Damsgaard and Simon Thye Andersen and Richard Lin and Martin Schoeberl},
}

@Misc{verilatormanual,
    author = "Veripool",
    title = "Verilator Manual",
    howpublished  = {\url{https://www.veripool.org/wiki/verilator/Manual-verilator}},
    year = {2020}
}

@Misc{jgenhtml,
    author = "Rick Brown",
    title = "Jgenhtml",
    howpublished  = {\url{https://github.com/ricksbrown/jgenhtml}},
    year = {2020}
}

@Misc{Lcov,
    author = "Linux Test Project",
    title = "LCOV",
    howpublished  = {\url{http://ltp.sourceforge.net/coverage/lcov.php}},
    year = {2020}
}

@Misc{ScalaTest,
    author = "Artima",
    title = "ScalaTest",
    howpublished  = {\url{https://www.scalatest.org/}},
    year = {2020}
}


@Misc{SystemPerl,
    author = "Veripool",
    title = "SystemPerl",
    howpublished  = {\url{https://www.veripool.org/projects/systemperl/wiki/Manual-systemperl}},
    year = {2020}
}

@Misc{scoverage,
    author = "Sam Sam et al.",
    title = "sbt-scoverage",
    howpublished = {\url{https://github.com/scoverage/sbt-scoverage}},
    year = {2020}
}

@Misc{chisel:scoverage,
    author = "Megan Wachs",
    title = "Test Coverage",
    howpublished = {\url{https://www.chisel-lang.org/chisel3/docs/developers/test-coverage.html}},
    year = {2021}
}

@book{hdlverify,
  author    = {Janick Bergeron}, 
  title     = {Writing Testbenches - Functional Verification of HDL Models},
  publisher = {Springer},
  year      = 2003,
  edition   = 2,
  isbn      = {978-1-4615-0302-6}
}